@book{Smith_2012,
    title = {Book Title},
    publisher = {Publisher},
    author = {Smith, J. M. and Jones, A. B.},
    year = {2012},
    edition = {7},
}

@article{Smith_2013,
    author = {Jones, A. B. and Smith, J. M.},
    title = {Article Title},
    journal = {Journal Title},
    year = {2013},
    volume = {13},
    pages = {123--456},
    number = {52},
    date = {2013-03},
}
